@article{agha2024dynamics,
  title={Dynamics of a bubble-pair between two parallel rigid walls},
  author={Agha, Jegyr Anwar and Manmi, Kawa MA and Dadvand, Abdolrahman},
  journal={Ocean Engineering},
  volume={301},
  pages={117401},
  year={2024},
  publisher={Elsevier}
}

@article{jund2024extended,
  title={An extended Laplacian smoothing for boundary element analysis of 3D bubble dynamics},
  author={Jund, Asaad A and Dadvand, Abdolrahman and Aziz, Imad A and Manmi, Kawa MA},
  journal={Engineering Analysis with Boundary Elements},
  volume={160},
  pages={76--88},
  year={2024},
  publisher={Elsevier}
}


@article{bapir2024oscillation,
  title={Oscillation of an ultrasonically driven gas bubble in an asymmetric confined domain},
  author={Bapir, Saman A and Manmi, Kawa MA and Saeed, Rostam K and Dadvand, Abdolrahman},
  journal={International Journal of Mechanical Sciences},
  volume={265},
  pages={108861},
  year={2024},
  publisher={Elsevier}
}


@article{dadvand2023three,
  title={Three-dimensional bubble jetting inside a corner formed by rigid curved plates: Boundary integral analysis},
  author={Dadvand, Abdolrahman and Manmi, Kawa MA and Aziz, Imad A},
  journal={International Journal of Multiphase Flow},
  volume={158},
  pages={104308},
  year={2023},
  publisher={Elsevier}
}

@article{manmi2021three,
  title={Three-dimensional oscillation of an acoustic microbubble between two rigid curved plates},
  author={Manmi, Kawa MA and Aziz, Imad A and Arjunan, Arun and Saeed, Rostam K and Dadvand, Abdolrahman},
  journal={Journal of Hydrodynamics},
  volume={33},
  number={5},
  pages={1019--1034},
  year={2021},
  publisher={Springer}
}


@article{manmi2020numerical,
  title={Numerical investigation of cavitation generated by an ultrasonic dental scaler tip vibrating in a compressible liquid},
  author={Manmi, KMA and Wu, WB and Vyas, Nina and Smith, WR and Wang, QX and Walmsley, AD},
  journal={Ultrasonics Sonochemistry},
  volume={63},
  pages={104963},
  year={2020},
  publisher={Elsevier}
}


@article{vyas2020does,
  title={How does ultrasonic cavitation remove dental bacterial biofilm?},
  author={Vyas, N and Wang, QX and Manmi, KA and Sammons, RL and Kuehne, SA and Walmsley, AD},
  journal={Ultrasonics Sonochemistry},
  volume={67},
  pages={105112},
  year={2020},
  publisher={Elsevier}
}


@article{aziz2019modeling,
  title={Modeling three dimensional gas bubble dynamics between two curved rigid plates using boundary integral method},
  author={Aziz, Imad A and Manmi, Kawa MA and Saeed, Rostam K and Dadvand, Abdolrahman},
  journal={Engineering Analysis with Boundary Elements},
  volume={109},
  pages={19--31},
  year={2019},
  publisher={Elsevier}
}


@article{vyas2019parameters,
  title={Which parameters affect biofilm removal with acoustic cavitation? A review},
  author={Vyas, Nina and Manmi, Kawa and Wang, Qianxi and Jadhav, Ananda J and Barigou, Mostafa and Sammons, Rachel L and Kuehne, Sarah A and Walmsley, A Damien},
  journal={Ultrasound in medicine \& biology},
  volume={45},
  number={5},
  pages={1044--1055},
  year={2019},
  publisher={Elsevier}
}


@article{manmi2017acoustic,
  title={Acoustic microbubble dynamics with viscous effects},
  author={Manmi, Kawa and Wang, Qianxi},
  journal={Ultrasonics sonochemistry},
  volume={36},
  pages={427--436},
  year={2017},
  publisher={Elsevier}
}


@article{wang2015numerical,
  title={Numerical modeling of the 3D dynamics of ultrasound contrast agent microbubbles using the boundary integral method},
  author={Wang, Qianxi and Manmi, Kawa and Calvisi, Michael L},
  journal={Physics of Fluids},
  volume={27},
  number={2},
  year={2015},
  publisher={AIP Publishing}
}


@article{wang2014microbubble,
  title={Microbubble dynamics near a wall subjected to a travelling acoustic wave},
  author={Wang, Qian and Manmi, Kawa},
  journal={Physics of Fluids},
  volume={26},
  pages={032104},
  year={2014},
  publisher={American Institute of Physics}
}


@article{wang2015cell,
  title={Cell mechanics in biomedical cavitation},
  author={Wang, Qianxi and Manmi, Kawa and Liu, Kuo-Kang},
  journal={Interface Focus},
  volume={5},
  number={5},
  pages={20150018},
  year={2015},
  publisher={The Royal Society}
}


@article{saeed2008iterative,
  title={An iterative method with quartic convergence for solving nonlinear equations},
  author={Saeed, Rostam K and Aziz, Kawa M},
  journal={Applied mathematics and computation},
  volume={202},
  number={2},
  pages={435--440},
  year={2008},
  publisher={Elsevier}
}


